<?xml version="1.0" encoding="UTF-8"?><collection xmlns="http://www.loc.gov/MARC21/slim"><record><leader>00391nam--2200145-i-4500</leader><controlfield tag="001">000009256</controlfield><controlfield tag="002">20161230</controlfield><controlfield tag="005">20161230201028</controlfield><controlfield tag="008">060222s1000------------r-----000-0-eng-d</controlfield><datafield ind1=" " ind2=" " tag="080"><subfield code="a">547.52</subfield></datafield><datafield ind1=" " ind2=" " tag="100"><subfield code="a">Birks, John B</subfield></datafield><datafield ind1=" " ind2=" " tag="245"><subfield code="a">Photophysics of aromatic molecules</subfield></datafield><datafield ind1=" " ind2=" " tag="260"><subfield code="a">London, Wiley-interscience, 1970. Xiii + 704 P</subfield></datafield><datafield ind1=" " ind2=" " tag="490"><subfield code="a">Wiley Monographs In Chemical Physics</subfield></datafield><datafield ind1=" " ind2=" " tag="852"><subfield code="a">32896</subfield></datafield></record></collection>